@misc{pm,
    title="Project Management Institute",
    howpublished="\url{https://www.pmi.org/about/learn-about-pmi/what-is-project-management#:~:text=A%20project%20is%20temporary%20in,therefore%20defined%20scope%20and%20resources.&text=Project%20management%2C%20then%2C%20is%20the,to%20meet%20the%20project%20requirements.}"
} 

@misc{CEObr,
    title="CEO by rotation strategy used by Huawei",
    howpublished="\url{https://www.theverge.com/2013/9/30/4786824/huawei-is-rotating-its-ceo-every-six-months-to-stay-fresh}"
} 

@misc{arti,
    title="Innovation in large companies",
    howpublished="\url{https://www.forbes.com/sites/osmancanozcanli/2011/01/08/innovation-in-large-companies/#45094eeb546e}"
} 

@misc{inov,
    title="Coca-cola credits marketing and innovation for higher revenues",
    howpublished="\url{https://www.marketingweek.com/coca-cola-credits-marketing-and-innovation-as-it-sees-global-revenue-growth/}"
} 

@misc{innovacad,
    title="Innovationa and academia",
    howpublished="\url{https://users.ugent.be/~ddegroot/SBO_STRETCH/13_Melese_2009.pdf}"
} 

@misc{innovative,
    title="The Most Innovative Companies 2014: Breaking through is hard to do",
    howpublished="\url{http://media-publications.bcg.com/Most_Innovative_Companies_2014.pdf}"
} 
