@misc{videokano,
    title="3 Minute Product Manager: Kano Model",
    howpublished="https://www.youtube.com/watch?v=iuOrEIBVQX4"
}
 
@misc{kanomodel,
    title="Modelo Kano",
    howpublished="https://economipedia.com/definiciones/modelo-de-kano.html"
} 

